@phdthesis{PLM_UCTHESIS_03,
title={{Problems of Learning on Manifolds}},
author={Belkin, M.},
year={2003},
school={The University of Chicago}
}

@misc{EIG_FUNC_LAPLACE,
title={{Eigenfunctions of the Laplace Operator}},
author={Laude, E.},
year={2014},
school={Technische Universität München}
}

@book{FA_SCRIPT,
title={{Topics in Real and Functional Analysis}},
author={Teschl, G.},
year={2014},
school={The University of Vienna}
}